@article{Gorman:2006:TII:1178418.1178432,
	author = {Gorman, Bernard and Humphrys, Mark},
	title = {Towards Integrated Imitation of Strategic Planning and Motion Modeling in Interactive Computer Games},
	journal = {Comput. Entertain.},
	issue_date = {October-December 2006},
	volume = {4},
	number = {4},
	month = oct,
	year = {2006},
	issn = {1544-3574},
	articleno = {10},
	url = {http://doi.acm.org/10.1145/1178418.1178432},
	doi = {10.1145/1178418.1178432},
	acmid = {1178432},
	publisher = {ACM},
	address = {New York, NY, USA},
	keywords = {Quake, clustering, imitation learning, pattern recognition, reinforcement learning, statistical analysis},
} 